@article{HAWK-spec,
  author          = {},
  journal         = {},
  number          = {},
  title           = {HAWK version 1.0.1},
  volume          = {},
  year            = {2023},
  link            = {https://hawk-sign.info/hawk-spec.pdf},
  note            = {Accessed: [12.04.2024]}
}
@article{PP,
  author          = {Thomas Pornin and Thomas Prest},
  journal         = {PKC 2019, part II},
  number          = {},
  title           = {More efficient algorithms for the NTRU key generation using the field norm},
  volume          = {11443},
  year            = {2019}
}