@techreport{HawkSpec24,
    author = {Joppe W. Bos and Olivier Bronchain and Léo Ducas and Serge Fehr and Yu-Hsuan Huang and Thomas Pornin and Eamonn W. Postlethwaite and Thomas Prest and Ludo N. Pulles and Wessel van Woerden},
    title = {HAWK},
    year = {2024},
    month = {September},
    url = {https://hawk-sign.info/},
    institution = {NXP Semiconductors, Centrum Wiskunde \& Informatica, Mathematical Institute at Leiden University, NCC Group, PQShield, Institut de Mathématiques de Bordeaux},
}

@misc{NR09,
    author = {Phong Q. Nguyen and Oded Regev},
    title = {Learning a parallelepiped: Cryptanalysis of GGH and NTRU signatures},
    booktitle = {Journal of Cryptology 22 (2009)},
    version = {no. 2},
    pages = {139--160},
    year = {2009}

}
